<?xml version="1.0" encoding="UTF-8"?><collection xmlns="http://www.loc.gov/MARC21/slim"><record><leader>00355nam--2200133-i-4500</leader><controlfield tag="001">000012278</controlfield><controlfield tag="002">20161230</controlfield><controlfield tag="005">20170226191018</controlfield><controlfield tag="008">060222s1000------------r-----000-0-eng-d</controlfield><datafield ind1=" " ind2=" " tag="245"><subfield code="a">The center for mechanics of solids</subfield></datafield><datafield ind1=" " ind2=" " tag="260"><subfield code="a">Bucuresti</subfield><subfield code="b">The Center For Mechanics Of Solids</subfield><subfield code="c">1963</subfield></datafield><datafield ind1=" " ind2=" " tag="300"><subfield code="a">23 p</subfield></datafield><datafield ind1=" " ind2=" " tag="852"><subfield code="a">061.62(498)</subfield></datafield><datafield ind1=" " ind2=" " tag="CAT"><subfield code="a">SYS</subfield><subfield code="c">20170226</subfield><subfield code="h">191018</subfield></datafield></record></collection>